@misc{url:pgf,
    title = {{pgf on CTAN}},
    howpublished = "\url{http://www.ctan.org/pkg/pgf}",
    year = "2015 (accessed 2015-03-05 10:28:11 -0800)"
}
